<?xml version="1.0" encoding="UTF-8"?><record xmlns="http://www.loc.gov/MARC21/slim" xmlns:cinclude="http://apache.org/cocoon/include/1.0" xmlns:zs="http://www.loc.gov/zing/srw/">
  <leader>00355nz  a2200133n  4500</leader>
  <controlfield tag="001">n  98097099 </controlfield>
  <controlfield tag="003">DLC</controlfield>
  <controlfield tag="005">19981029070512.6</controlfield>
  <controlfield tag="008">981029n| acannaab|          |a aaa |||  </controlfield>
  <datafield tag="010" ind1=" " ind2=" ">
    <subfield code="a">n  98097099 </subfield>
  </datafield>
  <datafield tag="040" ind1=" " ind2=" ">
    <subfield code="a">DLC</subfield>
    <subfield code="c">DLC</subfield>
  </datafield>
  <datafield tag="100" ind1="1" ind2="0">
    <subfield code="a">Frye, C. G.</subfield>
    <subfield code="q">(Clifton G.)</subfield>
  </datafield>
  <datafield tag="400" ind1="1" ind2="0">
    <subfield code="a">Frye, Clifton G.</subfield>
  </datafield>
  <datafield tag="670" ind1=" " ind2=" ">
    <subfield code="a">Pearl Harbor, 1997:</subfield>
    <subfield code="b">t.p. (Clifton G. Frye) p. 1 (C.G. Frye)</subfield>
  </datafield>
</record>